% !TeX root = dyplom-template.tex

@ARTICLE{ojala2002,
  author={Ojala, T. and Pietikainen, M. and Maenpaa, T.},
  journal={IEEE Transactions on Pattern Analysis and Machine Intelligence}, 
  title={Multiresolution gray-scale and rotation invariant texture classification with local binary patterns}, 
  year={2002},
  volume={24},
  number={7},
  pages={971-987},
  keywords={Gray-scale;Spatial resolution;Prototypes;Pattern recognition;Image recognition;Image texture;Histograms;Quantization;Multiresolution analysis;Robustness},
  doi={10.1109/TPAMI.2002.1017623}
}

@article{julesz1981,
  title={A theory of preattentive texture discrimination based on first-order statistics of textons},
  author={Julesz, Bela},
  journal={Biological Cybernetics},
  volume={41},
  number={2},
  pages={131--138},
  year={1981},
  publisher={Springer},
  keywords={Color,Coherence,Autocorrelation,Line Segment,Statistical Parameter},
  doi={10.1007/BF00335367},
}

@article{simon2018,
  title={Multi-radial LBP features as a tool for rapid glomerular detection and assessment in whole slide histopathology images},
  author={Simon, Olivier and Yacoub, Rabi and Jain, Sanjay and Tomaszewski, John E and Sarder, Pinaki},
  journal={Scientific reports},
  volume={8},
  number={1},
  pages={2032},
  year={2018},
  publisher={Nature Publishing Group UK London},
  doi={10.1038/s41598-018-20453-7}
}

@INPROCEEDINGS{belsare2015,
  author={Belsare, A. D. and Mushrif, M. M. and Pangarkar, M. A. and Meshram, N.},
  booktitle={TENCON 2015 - 2015 IEEE Region 10 Conference}, 
  title={Classification of breast cancer histopathology images using texture feature analysis}, 
  year={2015},
  volume={},
  number={},
  pages={1-5},
  keywords={Breast;Feature extraction;Image segmentation;Cancer;Ducts;Image classification;Support vector machines;Breast histopathology images;texture features;automatic image classification},
  doi={10.1109/TENCON.2015.7372809}}

@article{esteva2017,
  title={Dermatologist-level classification of skin cancer with deep neural networks},
  author={Esteva, Andre and Kuprel, Brett and Novoa, Roberto A and Ko, Justin and Swetter, Susan M and Blau, Helen M and Thrun, Sebastian},
  journal={nature},
  volume={542},
  number={7639},
  pages={115--118},
  year={2017},
  publisher={Nature Publishing Group UK London},
  doi={10.1038/nature21056}
}

@ARTICLE{bovik1990,
  author={Bovik, A.C. and Clark, M. and Geisler, W.S.},
  journal={IEEE Transactions on Pattern Analysis and Machine Intelligence}, 
  title={Multichannel texture analysis using localized spatial filters}, 
  year={1990},
  volume={12},
  number={1},
  pages={55-73},
  keywords={Spatial filters;Surface texture;Image texture analysis;Frequency;Image segmentation;Image analysis;Image texture;Demodulation;Layout;Shape},
  doi={10.1109/34.41384}}

@ARTICLE{haley1999,
  author={Haley, G.M. and Manjunath, B.S.},
  journal={IEEE Transactions on Image Processing}, 
  title={Rotation-invariant texture classification using a complete space-frequency model}, 
  year={1999},
  volume={8},
  number={2},
  pages={255-269},
  keywords={Gabor filters;Frequency;Spatial resolution;Discrete Fourier transforms;Two dimensional displays;Wavelet analysis;Filtering;Information analysis;Parameter estimation},
  doi={10.1109/83.743859}}

@article{arof1998,
  author = {H. Arof  and F. Deravi },
  title = {Circular neighbourhood and 1-D DFT features for texture classification and segmentation},
  journal = {IEE Proceedings - Vision, Image and Signal Processing},
  volume = {145},
  issue = {3},
  pages = {167-172},
  year = {1998},
  doi = {10.1049/ip-vis:19981688},
  URL = {https://digital-library.theiet.org/doi/abs/10.1049/ip-vis%3A19981688},
  eprint = {https://digital-library.theiet.org/doi/pdf/10.1049/ip-vis%3A19981688}
}

@article{portilla2000,
  title={A parametric texture model based on joint statistics of complex wavelet coefficients},
  author={Portilla, Javier and Simoncelli, Eero P},
  journal={International journal of computer vision},
  volume={40},
  pages={49--70},
  year={2000},
  publisher={Springer},
  doi={10.1023/A:1026553619983}
}

@INPROCEEDINGS{simoncelli1998,
  author={Simoncelli, E.P. and Portilla, J.},
  booktitle={Proceedings 1998 International Conference on Image Processing. ICIP98 (Cat. No.98CB36269)}, 
  title={Texture characterization via joint statistics of wavelet coefficient magnitudes}, 
  year={1998},
  volume={1},
  number={},
  pages={62-66 vol.1},
  keywords={Wavelet coefficients;Adaptive filters;Histograms;Autocorrelation;Image sampling;Computer vision;Optical filters;Parametric statistics;Probability;Application software},
  doi={10.1109/ICIP.1998.723417},
  url={https://www.cns.nyu.edu/~lcv/texture/}
}

@article{bober2001,
  title={MPEG-7 visual shape descriptors},
  author={Bober, Miroslaw},
  journal={IEEE Transactions on circuits and systems for video technology},
  volume={11},
  number={6},
  pages={716--719},
  year={2001},
  publisher={IEEE}
}

@InProceedings{Wang_2018_CVPR,
  author = {Wang, Yaming and Morariu, Vlad I. and Davis, Larry S.},
  title = {Learning a Discriminative Filter Bank Within a CNN for Fine-Grained Recognition},
  booktitle = {Proceedings of the IEEE Conference on Computer Vision and Pattern Recognition (CVPR)},
  month = {June},
  year = {2018},
  pages={4148--4157},
  keywords={Detectors;Encoding;Convolutional codes;Neurons;Feature extraction;Network architecture;Convolution},
  doi={10.1109/CVPR.2018.00436},
  url={https://arxiv.org/abs/1611.09932},
}

@misc{fastlbp2024,
  title        = {fastLBP: a texture descriptor for large digital pathology images},
  author       = {Mykhailo Koreshkov and Benjamin Woodhams and Dmytro Horyslavets and Alina Frolova and Virginie Uhlmann and others},
  year         = {2024},
  howpublished = {Poster session at ECCB 2024, Turku, Finland},
  url = {https://virtual.oxfordabstracts.com/event/public/5223/submission/554},
}

% ---


@article{gimelfarb2016,
  title={Texture modelling with nested high-order Markov--Gibbs random fields},
  author={Versteegen, Ralph and Gimel’farb, Georgy and Riddle, Patricia},
  journal={Computer Vision and Image Understanding},
  volume={143},
  pages={120--134},
  year={2016},
  publisher={Elsevier},
  doi={10.1016/j.cviu.2015.11.003}
}
@ARTICLE{huawudeng2004,
  author={Huawu Deng and Clausi, D.A.},
  journal={IEEE Transactions on Pattern Analysis and Machine Intelligence}, 
  title={Gaussian MRF rotation-invariant features for image classification}, 
  year={2004},
  volume={26},
  number={7},
  pages={951-955},
  keywords={Image classification;Least squares approximation;Discrete Fourier transforms;Feature extraction;Gabor filters;Markov random fields;Anisotropic magnetoresistance;Image texture;Laplace equations;Frequency domain analysis;Markov random field (MRF);Gaussian MRF (GMRF) model;isotropic;anisotropic;least squares estimate (LSE);discrete Fourier transform (DFT);rotational invariance;texture analysis;classification.},
  doi={10.1109/TPAMI.2004.30}
}
@ARTICLE{kashyap1986,
  author={Kashyap, Rangasami L. and Khotanzad, Alireza},
  journal={IEEE Transactions on Pattern Analysis and Machine Intelligence}, 
  title={A Model-Based Method for Rotation Invariant Texture Classification}, 
  year={1986},
  volume={PAMI-8},
  number={4},
  pages={472-481},
  keywords={Testing;Parametric statistics;Feature extraction;Pattern recognition;Performance evaluation;Computer aided manufacturing;Manufacturing automation;Image processing;Image analysis;Image texture analysis;Digital image processing;feature extraction;pattern recognition;random field model;texture analysis;texture classification;texture modeling},
  doi={10.1109/TPAMI.1986.4767811}
}
@ARTICLE{liao2009,
  author={Liao, S. and Law, Max W. K. and Chung, Albert C. S.},
  journal={IEEE Transactions on Image Processing}, 
  title={Dominant Local Binary Patterns for Texture Classification}, 
  year={2009},
  volume={18},
  number={5},
  pages={1107-1118},
  keywords={Gabor filters;Histograms;Feature extraction;Data mining;Image databases;Biomedical imaging;Image texture analysis;Markov random fields;Lighting;Noise robustness;Circularly symmetric Gabor filter;local binary pattern;rotation invariance;texture classification},
  doi={10.1109/TIP.2009.2015682}
}
@article{guo2010lbpv,
  title={Rotation invariant texture classification using LBP variance (LBPV) with global matching},
  author={Guo, Zhenhua and Zhang, Lei and Zhang, David},
  journal={Pattern recognition},
  volume={43},
  number={3},
  pages={706--719},
  year={2010},
  publisher={Elsevier},
  url={https://doi.org/10.1016/j.patcog.2009.08.017},
  doi={10.1016/j.patcog.2009.08.017}
}

@article{lee2025integrated,
  title={Integrated histopathology, spatial and single cell transcriptomics resolve cellular drivers of early and late alveolar damage in COVID-19},
  author={Lee, Jimmy Tsz Hang and Barnett, Sam N and Roberts, Kenny and Ashwin, Helen and Milross, Luke and Cho, Jae-Won and Huseynov, Alik and Woodhams, Benjamin and Aivazidis, Alexander and Li, Tong and others},
  journal={Nature Communications},
  volume={16},
  number={1},
  pages={1979},
  year={2025},
  publisher={Nature Publishing Group UK London}
}

@article{brodatz,
  title={Textures: a photographic album for artists and designers},
  author={Brodatz, Phil},
  year={1966},
  url={https://sipi.usc.edu/database/database.php?volume=textures}
}

% -------

@mics {boyko-thesis,
    AUTHOR = {Бойко, В. М.},
     TITLE = {Узагальненi оператори Казiмiра, сингулярнi модулi редукцiї та симетрiї диференцiальних рiвнянь},
      NOTE = {Дис. \dots\ док. фіз.-мат. наук,  Інституту математики НАН України, Київ, 2018, 338~с., \url{https://www.imath.kiev.ua/~boyko/BoykoThesis.pdf}},
}

@mics {boyko2021,
    AUTHOR = {Boyko, V. M. and Lokaziuk, O. V. and Popovych, R. O.},
     TITLE = {Admissible transformations and Lie symmetries of linear systems of second-order ordinary differential equations},
    EPRINT = {2105.05139},
}

@mics {Maple17,
     TITLE = {Maple 17},
       URL = {https://www.maplesoft.com/products/Maple/},
}

@book {Olver1995,
    AUTHOR = {Olver, Peter J.},
     TITLE = {Equivalence, invariants, and symmetry},
 PUBLISHER = {Cambridge University Press, Cambridge},
      YEAR = {1995},
     PAGES = {xvi+525},
       DOI = {10.1017/CBO9780511609565},
       URL = {https://doi.org/10.1017/CBO9780511609565},
}

@article {PopovychBoykoNesterenkoLutfullin2003,
    AUTHOR = {Popovych, Roman O. and Boyko, Vyacheslav M. and Nesterenko,
              Maryna O. and Lutfullin, Maxim W.},
     TITLE = {Realizations of real low-dimensional {L}ie algebras},
   JOURNAL = {J.~Phys.~A},
  FJOURNAL = {Journal of Physics. A. Mathematical and General},
    VOLUME = {36},
      YEAR = {2003},
    NUMBER = {26},
     PAGES = {7337--7360},
       DOI = {10.1088/0305-4470/36/26/309},
       URL = {https://doi.org/10.1088/0305-4470/36/26/309},
    EPRINT = {math-ph/0301029},
}
