@mics {boyko-thesis,
    AUTHOR = {Бойко, В. М.},
     TITLE = {Узагальненi оператори Казiмiра, сингулярнi модулi редукцiї та симетрiї диференцiальних рiвнянь},
      NOTE = {Дис. \dots\ док. фіз.-мат. наук,  Інституту математики НАН України, Київ, 2018, 338~с., \url{https://www.imath.kiev.ua/~boyko/BoykoThesis.pdf}},
}

@mics {boyko2021,
    AUTHOR = {Boyko, V. M. and Lokaziuk, O. V. and Popovych, R. O.},
     TITLE = {Admissible transformations and Lie symmetries of linear systems of second-order ordinary differential equations},
    EPRINT = {2105.05139},
}

@mics {Maple17,
     TITLE = {Maple 17},
       URL = {https://www.maplesoft.com/products/Maple/},
}

@book {Olver1995,
    AUTHOR = {Olver, Peter J.},
     TITLE = {Equivalence, invariants, and symmetry},
 PUBLISHER = {Cambridge University Press, Cambridge},
      YEAR = {1995},
     PAGES = {xvi+525},
       DOI = {10.1017/CBO9780511609565},
       URL = {https://doi.org/10.1017/CBO9780511609565},
}

@article {PopovychBoykoNesterenkoLutfullin2003,
    AUTHOR = {Popovych, Roman O. and Boyko, Vyacheslav M. and Nesterenko,
              Maryna O. and Lutfullin, Maxim W.},
     TITLE = {Realizations of real low-dimensional {L}ie algebras},
   JOURNAL = {J.~Phys.~A},
  FJOURNAL = {Journal of Physics. A. Mathematical and General},
    VOLUME = {36},
      YEAR = {2003},
    NUMBER = {26},
     PAGES = {7337--7360},
       DOI = {10.1088/0305-4470/36/26/309},
       URL = {https://doi.org/10.1088/0305-4470/36/26/309},
    EPRINT = {math-ph/0301029},
}
